@inbook{DalalTriggs05Hog,
  author={N. {Dalal} and B. {Triggs}},
  booktitle={2005 IEEE Computer Society Conference on Computer Vision and Pattern Recognition (CVPR'05)}, 
  title={Histograms of oriented gradients for human detection}, 
  year={2005},
  volume={1},
  number={},
  pages={886-893 vol. 1},}

@INPROCEEDINGS{Hoggles,
  author={C. {Vondrick} and A. {Khosla} and T. {Malisiewicz} and A. {Torralba}},
  booktitle={2013 IEEE International Conference on Computer Vision}, 
  title={HOGgles: Visualizing Object Detection Features}, 
  year={2013},https://towardsdatascience.com/fooling-facial-detection-with-fashion-d668ed919eb
  volume={},
  number={},
  pages={1-8},}

@book{Norbert03,
  author={N. {Jankowski}},
  title={Ontogeniczne sieci neuronowe. O sieciach zmieniających swoją strukturę},
  year={2003},
  edition={1st}
  isbn{8387674656},
  publisher={Akademicka Oficyna Wydawnicza EXIT}}

@book{Vapnik95,
author = {Vapnik, Vladimir N.},
title = {The Nature of Statistical Learning Theory},
year = {1995},
isbn = {0387945598},
publisher = {Springer-Verlag},
address = {Berlin, Heidelberg}
}

@book{dpi2008,
author = {R. {Gonzalez} and R. {Woods}},
booktitle={Digital Image Prcessing},
year={2008},
edition={3rd},
isbn={9780131687288},
publisher={Pearson}
}

@MISC{dlibPage,
    author = {Davis E. King},
    title = {dlib. A toolkit for making real world machine learning and data analysis applications in C++}
    howpublished = {\url{http://dlib.net/}},
    year = {2020},
    note = {Dostęp: 2020-06-17}
    }

@MISC{MacDonald19,
    author = {Bruce MacDonald},
    title = {Fooling Facial Detection with Fashion}
    howpublished = {\url{https://towardsdatascience.com/fooling-facial-detection-with-fashion-d668ed919eb}},
    year = {2019},
    note = {Dostęp: 2020-06-24}
    }

@MIST{Putera,
    author = {Putera, Imansyah Muhamad},
    title = {boy's face},
    howpublished = {\url{https://unsplash.com/photos/n4KewLKFOZw}},
    year = {2020},
    note = {Dostęp: 2020-06-17}}

% Strona internetowa.
@MISC{Gogolewski13seminarium,
    author =       {Gogolewski, M.},
    title =        {{Seminarium ZATABEDA, część: bezpieczeństwo danych i kryptografia}},
    howpublished = {\url{http://marcing.faculty.wmi.amu.edu.pl/seminarium.html}},
    year =         {2013},
    note =         {Dostęp: 2015-07-22},
}

% Artykuł w Internecie.
@MISC{Rodrigues13howtowrite,
    author =       {Rodrigues, V.},
    title =        {{How to write an effective title and abstract and choose appropriate keywords}},
    howpublished = {\url{http://www.editage.com/insights/how-to-write-an-effective-title-and-abstract-and-choose-appropriate-keywords}},
    year =         {2013},
    month =        nov,
    day =          {4},
    note =         {Dostęp: 2015-07-22},
}

% Wiadomość z grup dyskusyjnych.
@MISC{Marsaglia99randomnum,
    author =       {Marsaglia, G.},
    title =        {{Random numbers for C: The END?}},
    year =         {1999},
    month =        jan,
    day =          {20},
    howpublished = "Message-ID 36A5FC62.17C9CC33@stat.fsu.edu w~grupach dyskusyjnych sci.math i~sci.stat.math",
    note =         {Dostęp: 2015-07-22},
}

% Prezentacja lub wykład.
@MISC{Hanc15szumy,
    author =       {Hanc, M.M.},
    title =        {{Szumy pseudolosowych map.}},
    howpublished = {\url{http://marcing.faculty.wmi.amu.edu.pl/prezentacje/szumy}},
    year =         {2015},
    month =        mar,
    day =          {3},
    pages =        {30--33},
    numpage =      {4},
    note =         {Dostęp: 2015-07-22},
}

@MISC{SIW,
    author =       {Uniwersytet im. Adama Mickiewicza w Poznaniu},
    title =        {{System Identyfikacji Wizualnej}},
    howpublished = {\url{http://siw.amu.edu.pl/}},
    year =         {2012},
    note =         {Dostęp: 2019-04-03},
}


@MISC{WMIdyplom,
    author =       {Wydział Matematyki i Informatyki UAM Poznań},
    title =        {{Wymagania dotyczące prac dyplomowych}},
    howpublished = {\url{https://www.wmi.amu.edu.pl/pl/prace-dyplomowe#uko%C5%84czenie-studi%C3%B3w}},
    year =         {2018},
    note =         {Dostęp: 2019-04-03},
}
